<record><leader>00000cas a22000007a 4500</leader><controlfield tag="001">30723022</controlfield><controlfield tag="008">940708d19892009ctuwr ne      0    0eng d</controlfield><datafield ind1=" " ind2=" " tag="010"><subfield code="a">sn 94053147 </subfield></datafield><datafield ind1=" " ind2=" " tag="040"><subfield code="a">CNW</subfield><subfield code="b">eng</subfield><subfield code="c">CNW</subfield><subfield code="d">OCLCQ</subfield><subfield code="d">CZL</subfield><subfield code="d">OCLCQ</subfield></datafield><datafield ind1=" " ind2=" " tag="042"><subfield code="a">msc</subfield></datafield><datafield ind1=" " ind2=" " tag="043"><subfield code="a">n-us-ct</subfield></datafield><datafield ind1="0" ind2=" " tag="130"><subfield code="a">Bridgeport news (Bridgeport, Conn.)</subfield></datafield><datafield ind1="1" ind2="0" tag="245"><subfield code="a">Bridgeport news.</subfield></datafield><datafield ind1=" " ind2=" " tag="260"><subfield code="a">Bridgeport, Conn. :</subfield><subfield code="b">Hometown Publications</subfield></datafield><datafield ind1=" " ind2=" " tag="300"><subfield code="a">v.</subfield></datafield><datafield ind1=" " ind2=" " tag="310"><subfield code="a">Weekly</subfield></datafield><datafield ind1="1" ind2=" " tag="362"><subfield code="a">Began Nov. 8, 1989; ceased with vol. 21, no. 8 (Feb. 26, 2009).</subfield></datafield><datafield ind1=" " ind2=" " tag="588"><subfield code="a">Description based on: Vol. 5, no. 1 (Jan. 2, 1991).</subfield></datafield><datafield ind1=" " ind2=" " tag="588"><subfield code="a">Latest issue consulted: Vol. 21, no. 8 (Feb. 26, 2009).</subfield></datafield><datafield ind1=" " ind2="0" tag="651"><subfield code="a">Bridgeport (Conn.)</subfield><subfield code="v">Newspapers.</subfield></datafield><datafield ind1=" " ind2="0" tag="651"><subfield code="a">North End (Bridgeport, Conn.)</subfield><subfield code="v">Newspapers.</subfield></datafield><datafield ind1=" " ind2=" " tag="752"><subfield code="a">United States</subfield><subfield code="b">Connecticut</subfield><subfield code="c">Fairfield</subfield><subfield code="d">Bridgeport.</subfield></datafield><datafield ind1="0" ind2="4" tag="780"><subfield code="t">North End news (Trumbull, Conn.)</subfield><subfield code="w">(DLC)sn 94053146</subfield><subfield code="w">(OCoLC)30722896</subfield></datafield><datafield ind1="0" ind2="4" tag="780"><subfield code="t">Black Rock news (Bridgeport, Conn. : 1988)</subfield><subfield code="w">(DLC)sn 94053149</subfield><subfield code="w">(OCoLC)30723380</subfield></datafield><datafield ind1="0" ind2="0" tag="785"><subfield code="t">News of Bridgeport's North End &amp; Black Rock</subfield><subfield code="w">(OCoLC)496113945</subfield></datafield><datafield ind1="1" ind2=" " tag="029"><subfield code="a">AU@</subfield><subfield code="b">000025873402</subfield></datafield></record>